<?xml version="1.0" encoding="UTF-8"?><collection xmlns="http://www.loc.gov/MARC21/slim"><record><leader>00520nam--2200205-u-4500</leader><controlfield tag="001">000051996</controlfield><controlfield tag="002">20161230</controlfield><controlfield tag="005">20161230201049</controlfield><controlfield tag="008">090526s1000------------r-----000-0-eng-d</controlfield><datafield ind1=" " ind2=" " tag="020"><subfield code="a">082474053x</subfield></datafield><datafield ind1=" " ind2=" " tag="040"><subfield code="a">IFIN-HH</subfield></datafield><datafield ind1=" " ind2=" " tag="080"><subfield code="a">535.4:535.1</subfield></datafield><datafield ind1="1" ind2=" " tag="100"><subfield code="a">Glodstein, Dennis</subfield></datafield><datafield ind1="1" ind2="0" tag="245"><subfield code="a">Polarised Light</subfield><subfield code="c">Dennis Goldstein</subfield></datafield><datafield ind1=" " ind2=" " tag="250"><subfield code="a">Second Edition, Revised and Expanded</subfield></datafield><datafield ind1=" " ind2=" " tag="260"><subfield code="a">New York</subfield><subfield code="b">Marcel Dekker</subfield><subfield code="c">2003</subfield></datafield><datafield ind1=" " ind2=" " tag="300"><subfield code="a">653 p</subfield></datafield><datafield ind1=" " ind2="4" tag="650"><subfield code="a">Light</subfield></datafield><datafield ind1=" " ind2=" " tag="852"><subfield code="a">82251</subfield><subfield code="c">535</subfield></datafield><datafield ind1=" " ind2=" " tag="CAT"><subfield code="a">Sys</subfield><subfield code="c">20101130</subfield><subfield code="h">125954</subfield></datafield></record></collection>